@MISC {bertoglioLec12,
    author = "Crist\acute{o}bal Bertoglio",
    title  = "Backflow stabilization",
    note = "Finite Element Methods for Fluid Dynamics, University of Groningen, Lecture Slides",
    year   = "2018",
}

@MISC {bertoglioLec01,
    author = "Crist\acute{o}bal Bertoglio",
    title  = "Finite Element Modeling of Fluid Flows",
    note = "Finite Element Methods for Fluid Dynamics, University of Groningen, Lecture Slides",
    year   = "2018",
}

@article{bertoglio2017,
author = {Bertoglio, Crist\'obal and Caiazzo, Alfonso and Bazilevs, Yuri and Braack, Malte and Esmaily, Mahdi and Gravemeier, Volker and Marsden, Alison and Pironneau, Olivier and Vignon-Clementel, Irene and Wall, Wolfgang},
year = {2017},
month = {07},
pages = {},
title = {Benchmark problems for numerical treatment of backflow at open boundaries},
volume = {34},
journal = {International Journal for Numerical Methods in Biomedical Engineering},
doi = {10.1002/cnm.2918}
}
@article{bertoglio2014,
author = "Crist\'obal Bertoglio and Alfonso Caiazzo",
title = "A tangential regularization method for backflow stabilization in hemodynamics",
journal = "Journal of Computational Physics",
volume = "261",
pages = "162 - 171",
year = "2014",
issn = "0021-9991",
doi = "https://doi.org/10.1016/j.jcp.2013.12.057"
}
@BOOK {alfioquarteroni2014,
author    = "Alfio Quarteroni",
title     = "Numerical models for differential problems",
publisher = "Springer-Verlag Mailand",
year      = "2014",
volume    = "8",
series    = "MS\&A – Modeling, Simulation \& Applications",
edition   = "second",
doi       = "10.1007/978-88-470-5522-3"
}
@article{bertoglio2016,
author  = "Crist\'obal Bertoglio and Alfonso Caiazzo",
title   = "A Stokes-residual backflow stabilization method applied to physiological flows",
journal = "Journal of Computational Physics",
year    = "2016",
volume  = "313",
pages   = "260-278",
doi     = "https://doi.org/10.1016/j.jcp.2016.02.045"
}
@article{Bruneau1996,
	author = {Bruneau, C.-H. and Fabrie, P.},
	title = {New efficient boundary conditions for incompressible Navier-Stokes equations : a well-posedness result},
	DOI= "10.1051/m2an/1996300708151",
	journal = {ESAIM: M2AN},
	year = 1996,
	volume = 30,
	number = 7,
	pages = "815-840",
}

@article{Bruneau1994,
author = {Bruneau, Ch.-H. and Fabrie, P.},
title = {Effective downstream boundary conditions for incompressible Navier–Stokes equations},
journal = {International Journal for Numerical Methods in Fluids},
volume = {19},
number = {8},
pages = {693-705},
doi = {10.1002/fld.1650190805},
year = {1994}
}
